<?xml version="1.0" encoding="UTF-8"?><collection xmlns="http://www.loc.gov/MARC21/slim"><record><leader>00435nam--2200145-i-4500</leader><controlfield tag="001">000026167</controlfield><controlfield tag="002">20161230</controlfield><controlfield tag="005">20161230201036</controlfield><controlfield tag="008">060222s1000------------r-----000-0-eng-d</controlfield><datafield ind1=" " ind2=" " tag="080"><subfield code="a">517.43</subfield></datafield><datafield ind1=" " ind2=" " tag="100"><subfield code="a">Kaplan, Wilfred And Lewis, Donald J</subfield></datafield><datafield ind1=" " ind2=" " tag="245"><subfield code="a">Calculus and linear algebra. combined edition</subfield></datafield><datafield ind1=" " ind2=" " tag="260"><subfield code="a">New York, John Wiley &amp; Sons, Inc., 1971, Xix + 1087p.+ /Appendixes</subfield></datafield><datafield ind1=" " ind2=" " tag="490"><subfield code="a">Wiley International Edition</subfield></datafield><datafield ind1=" " ind2=" " tag="852"><subfield code="a">35948</subfield></datafield></record></collection>